@article{devroye:note,
	author = {Luc Devroye and Wojciech Szpankowski and Bonita Rais},
	title = {A note on the height of suffix trees},
	journal = {SIAM J. Comput.},
	volume = {21},
	number = {1},
	year = {1992},
	issn = {0097-5397},
	pages = {48--53},
	doi = {http://dx.doi.org/10.1137/0221005},
	publisher = {Society for Industrial and Applied Mathematics},
	address = {Philadelphia, PA, USA},
}
@inproceedings{szpankowski:unexpected,
	author = {Wojciech Szpankowski},
	title = {(Un)expected behavior of typical suffix trees},
	booktitle = {SODA '92: Proceedings of the third annual ACM-SIAM symposium on Discrete algorithms},
	year = {1992},
	isbn = {0-89791-466-X},
	pages = {422--431},
	location = {Orlando, Florida, United States},
	publisher = {Society for Industrial and Applied Mathematics},
	address = {Philadelphia, PA, USA},
}


@article{mcreight,
	author = {Edward M. McCreight},
	title = {A Space-Economical Suffix Tree Construction Algorithm},
	journal = {J. ACM},
	volume = {23},
	number = {2},
	year = {1976},
	issn = {0004-5411},
	pages = {262--272},
	doi = {http://doi.acm.org/10.1145/321941.321946},
	publisher = {ACM Press},
	address = {New York, NY, USA},
}

